<marcxml:record xmlns:xlink="http://www.w3.org/1999/xlink" xmlns:marcxml="http://www.loc.gov/MARC21/slim" xmlns:mets="http://www.loc.gov/METS/" xmlns:mxe="http://www.loc.gov/mxe" xmlns:rdf="http://www.w3.org/1999/02/22-rdf-syntax-ns#" xmlns:rdfs="http://www.w3.org/2000/01/rdf-schema#" xmlns:skos="http://www.w3.org/2004/02/skos/core#" xmlns:madsrdf="http://www.loc.gov/mads/rdf/v1#" xmlns:ri="http://id.loc.gov/ontologies/RecordInfo#" xmlns:sem="http://marklogic.com/semantics">
  <marcxml:leader>00740cz  a2200217n  4500</marcxml:leader>
  <marcxml:controlfield tag="001">n50054181</marcxml:controlfield>
  <marcxml:controlfield tag="003">DLC</marcxml:controlfield>
  <marcxml:controlfield tag="005">20100206074829.0</marcxml:controlfield>
  <marcxml:controlfield tag="008">801211n| acannaabn          |a ana      </marcxml:controlfield>
  <marcxml:datafield tag="010" ind1=" " ind2=" ">
    <marcxml:subfield code="a">n  50054181 </marcxml:subfield>
  </marcxml:datafield>
  <marcxml:datafield tag="035" ind1=" " ind2=" ">
    <marcxml:subfield code="a">(OCoLC)oca00088964</marcxml:subfield>
  </marcxml:datafield>
  <marcxml:datafield tag="040" ind1=" " ind2=" ">
    <marcxml:subfield code="a">DLC</marcxml:subfield>
    <marcxml:subfield code="b">eng</marcxml:subfield>
    <marcxml:subfield code="c">DLC</marcxml:subfield>
    <marcxml:subfield code="d">TNJ</marcxml:subfield>
    <marcxml:subfield code="d">MH-L</marcxml:subfield>
    <marcxml:subfield code="d">NN</marcxml:subfield>
  </marcxml:datafield>
  <marcxml:datafield tag="110" ind1="2" ind2=" ">
    <marcxml:subfield code="a">Glyptothek München</marcxml:subfield>
  </marcxml:datafield>
  <marcxml:datafield tag="410" ind1="2" ind2=" ">
    <marcxml:subfield code="a">Glyptotek München</marcxml:subfield>
  </marcxml:datafield>
  <marcxml:datafield tag="410" ind1="1" ind2=" ">
    <marcxml:subfield code="w">nnaa</marcxml:subfield>
    <marcxml:subfield code="a">Munich.</marcxml:subfield>
    <marcxml:subfield code="b">Glyptothek</marcxml:subfield>
  </marcxml:datafield>
  <marcxml:datafield tag="410" ind1="2" ind2=" ">
    <marcxml:subfield code="a">Glyptothek (Munich, Germany)</marcxml:subfield>
  </marcxml:datafield>
  <marcxml:datafield tag="410" ind1="1" ind2=" ">
    <marcxml:subfield code="a">Bavaria (Germany).</marcxml:subfield>
    <marcxml:subfield code="b">Glyptothek</marcxml:subfield>
  </marcxml:datafield>
  <marcxml:datafield tag="510" ind1="1" ind2=" ">
    <marcxml:subfield code="a">Bavaria (Germany).</marcxml:subfield>
    <marcxml:subfield code="b">Staatliche Antikensammlungen</marcxml:subfield>
  </marcxml:datafield>
  <marcxml:datafield tag="510" ind1="1" ind2=" ">
    <marcxml:subfield code="a">Bavaria (Germany).</marcxml:subfield>
    <marcxml:subfield code="b">Staatliche Antikensammlungen und Glyptothek</marcxml:subfield>
  </marcxml:datafield>
  <marcxml:datafield tag="670" ind1=" " ind2=" ">
    <marcxml:subfield code="a">Its Katalog der Skulpturen, Bd. 2, 1979:</marcxml:subfield>
    <marcxml:subfield code="b">t.p. (Glyptothek München)</marcxml:subfield>
  </marcxml:datafield>
  <marcxml:datafield tag="670" ind1=" " ind2=" ">
    <marcxml:subfield code="a">Dine, Jim. Glyptotek, 1988.</marcxml:subfield>
  </marcxml:datafield>
</marcxml:record>
